@article{ARTICLE:image_proc,
author = {Sobel, Irwin and Feldman, G.},
year = {1973},
month = {01},
pages = {271-272},
title = {A 3x3 isotropic gradient operator for image processing},
journal = {Pattern Classification and Scene Analysis}
}

@BOOK{BOOK:o-ring,
  TITLE = {Parker O-ring Handbook},
  AUTHOR = {Parker},
  YEAR = {2007}, 
  PUBLISHER = {Parker Hannifin Corporation},
}

@BOOK{BOOK:rovmanual,
  TITLE = {The ROV Manual A User Guide for Observation-Class Remotely Operated Vehicles},
  AUTHOR = {Robert D. Christ, Robert L. Wernli Sr},
  YEAR = {2007}, 
  PUBLISHER = {Elsevier},
}